<?xml version="1.0" encoding="UTF-8" ?>
<collection xmlns:xsi="http://www.w3.org/2001/XMLSchema-instance"
    xsi:schemaLocation="http://www.loc.gov/MARC21/slim
        http://www.loc.gov/standards/marcxml/schema/MARC21slim.xsd"
    xmlns="http://www.loc.gov/MARC21/slim">
<record>
  <leader>00287cam a2200565 i 4500</leader>
  <controlfield tag="001">b12484878</controlfield>
  <controlfield tag="003">LeBAU</controlfield>
  <controlfield tag="005">20190730</controlfield>
  <controlfield tag="008">970621s1929    tu            001 0 ara d</controlfield>
  <datafield tag="035" ind1=" " ind2=" ">
    <subfield code="a">ocn784341381</subfield>
  </datafield>
  <datafield tag="040" ind1=" " ind2=" ">
    <subfield code="a">LEAUB</subfield>
    <subfield code="b">ara</subfield>
    <subfield code="e">rda</subfield>
    <subfield code="c">LEAUB</subfield>
    <subfield code="d">LEAUB</subfield>
  </datafield>
  <datafield tag="041" ind1="0" ind2=" ">
    <subfield code="a">ara</subfield>
    <subfield code="b">ger</subfield>
  </datafield>
  <datafield tag="082" ind1="0" ind2="4">
    <subfield code="a">349.297</subfield>
    <subfield code="2">20</subfield>
  </datafield>
  <datafield tag="100" ind1="1" ind2=" ">
    <subfield code="6">880-01</subfield>
    <subfield code="a">Ṭaḥāwī, Aḥmad ibn Muḥammad,</subfield>
    <subfield code="d">852?-933.</subfield>
    <subfield code="e">author.</subfield>
    <subfield code="0">https://lccn.loc.gov/n84173631 ,</subfield>
  </datafield>
  <datafield tag="240" ind1="1" ind2="0">
    <subfield code="6">880-02</subfield>
    <subfield code="a">Jāmiʻ al-kabīr fī al-shurūṭ.</subfield>
    <subfield code="k">Selections</subfield>
  </datafield>
  <datafield tag="245" ind1="1" ind2="0">
    <subfield code="6">880-03</subfield>
    <subfield code="a">Kitāb al-Shufʻah min al-Jāmiʻ al-kabīr fī al-shurūṭ /</subfield>
    <subfield code="c">li-Abī Jaʻfar Aḥmad ibn Muḥammad al-Ṭaḥāwī ; nasharahu wa-iʻtaná bi-taṣḥīḥih Yūsuf Shakht.</subfield>
  </datafield>
  <datafield tag="246" ind1="3" ind2="0">
    <subfield code="6">880-04</subfield>
    <subfield code="a">Shufʻah min al-Jāmiʻ al-kabīr fī al-shurūṭ</subfield>
  </datafield>
  <datafield tag="246" ind1="1" ind2="5">
    <subfield code="a">Šufʻa aus dem al-Gāmiʻ al-kabīr fiš-šuruṭ</subfield>
  </datafield>
  <datafield tag="264" ind1=" " ind2="1">
    <subfield code="6">880-05</subfield>
    <subfield code="a">[Istanbūl] :</subfield>
    <subfield code="b">Aḥmad Iḥsān Maṭbaʻ sī,</subfield>
    <subfield code="c">1929.</subfield>
  </datafield>
  <datafield tag="300" ind1=" " ind2=" ">
    <subfield code="6">880-06</subfield>
    <subfield code="a">61, xi pages ;</subfield>
    <subfield code="c">25 cm.</subfield>
  </datafield>
  <datafield tag="336" ind1=" " ind2=" ">
    <subfield code="a">text</subfield>
    <subfield code="b">txt</subfield>
    <subfield code="2">rdacontent</subfield>
  </datafield>
  <datafield tag="337" ind1=" " ind2=" ">
    <subfield code="a">unmediated</subfield>
    <subfield code="b">n</subfield>
    <subfield code="2">rdamedia</subfield>
  </datafield>
  <datafield tag="338" ind1=" " ind2=" ">
    <subfield code="a">volume</subfield>
    <subfield code="b">nc</subfield>
    <subfield code="2">rdacarrier</subfield>
  </datafield>
  <datafield tag="490" ind1="1" ind2=" ">
    <subfield code="a">Sitzungsberichte der Heidelberger Akademie der Wissenschaften, Philosophisch-Historische Klasse ;</subfield>
    <subfield code="v">Jahrgang 1929/30, Abhandlung 5</subfield>
  </datafield>
  <datafield tag="500" ind1=" " ind2=" ">
    <subfield code="a">"Das kitāb as-šufʻa aus dem al-Gāmiʻ al-kabīr fiš-šuruṭ  / des abū Ga‘far Aḥmad ibn Muḥammad at-Taḥāwī ; herausgegeben von Joseph Schacht, aus Freiburg, Eingegangen am 30. Mai 1928 ; vorgelegt von Hans von Schubert. Heidelberg : Carl Winter's Universitätsbuchhandlung, 1930"--صفحة عنوان اضافية.</subfield>
  </datafield>
  <datafield tag="500" ind1=" " ind2=" ">
    <subfield code="a">يتضمن كشاف.</subfield>
  </datafield>
  <datafield tag="546" ind1=" " ind2=" ">
    <subfield code="a">النص بالعربية؛ مع مقدمتين بالألمانية.</subfield>
  </datafield>
  <datafield tag="650" ind1=" " ind2="4">
    <subfield code="a">الشفعة (الفقه الاسلامي)</subfield>
  </datafield>
  <datafield tag="650" ind1=" " ind2="4">
    <subfield code="a">المذهب الحنفي.</subfield>
  </datafield>
  <datafield tag="650" ind1=" " ind2="0">
    <subfield code="a">Pre-emption (Islamic law)</subfield>
  </datafield>
  <datafield tag="650" ind1=" " ind2="0">
    <subfield code="a">Hanafites.</subfield>
  </datafield>
  <datafield tag="700" ind1="1" ind2=" ">
    <subfield code="6">880-07</subfield>
    <subfield code="a">Schacht, Joseph,</subfield>
    <subfield code="e">corrector.</subfield>
    <subfield code="d">1902-1969.</subfield>
    <subfield code="0">https://lccn.loc.gov/n82088791 ,</subfield>
  </datafield>
  <datafield tag="700" ind1="1" ind2=" ">
    <subfield code="6">880-08</subfield>
    <subfield code="a">Schacht, Joseph,</subfield>
    <subfield code="e">publisher.</subfield>
    <subfield code="d">1902-1969.</subfield>
    <subfield code="0">https://lccn.loc.gov/n82088791 ,</subfield>
  </datafield>
  <datafield tag="700" ind1="1" ind2=" ">
    <subfield code="6">880-09</subfield>
    <subfield code="a">Schacht, Joseph,</subfield>
    <subfield code="e">author if introduction, etc.</subfield>
    <subfield code="d">1902-1969.</subfield>
    <subfield code="0">https://lccn.loc.gov/n82088791 ,</subfield>
  </datafield>
  <datafield tag="700" ind1="1" ind2=" ">
    <subfield code="a">Schubert, Hans von,</subfield>
    <subfield code="d">1859-1931.</subfield>
    <subfield code="0">https://lccn.loc.gov/no93024202 ,</subfield>
    <subfield code="e">author of introduction, etc.</subfield>
  </datafield>
  <datafield tag="830" ind1=" " ind2="0">
    <subfield code="a">Sitzungsberichte der Heidelberger Akademie der Wissenschaften, Philosophisch-Historische Klasse ;</subfield>
    <subfield code="v">Jahrgang 1929/30, Abhandlung 5.</subfield>
  </datafield>
  <datafield tag="852" ind1=" " ind2=" ">
    <subfield code="a">Jafet Library</subfield>
    <subfield code="e">American University of Beirut, Bliss Street , Beirut, Lebanon.</subfield>
  </datafield>
  <datafield tag="880" ind1="1" ind2=" ">
    <subfield code="6">100-01/(3/r</subfield>
    <subfield code="a">الطحاوي، ابو جعفر احمد بن محمد،</subfield>
    <subfield code="d">853-933،</subfield>
    <subfield code="0">https://lccn.loc.gov/n84173631 ,</subfield>
    <subfield code="e">مؤلف. </subfield>
    <subfield code="4">aut.</subfield>
  </datafield>
  <datafield tag="880" ind1="1" ind2="0">
    <subfield code="6">240-02/(3/r</subfield>
    <subfield code="a">الجامع الكبير في الشروط.</subfield>
    <subfield code="k">مختارات</subfield>
  </datafield>
  <datafield tag="880" ind1="1" ind2="0">
    <subfield code="6">245-03/(3/r</subfield>
    <subfield code="a">كتاب الشفعة من الجامع الكبير في الشروط /</subfield>
    <subfield code="c">لأبي جعفر احمد بن محمد الطحاوى ؛ نشره واعتنى بتصحيحه يوسف شخت.</subfield>
  </datafield>
  <datafield tag="880" ind1="3" ind2="0">
    <subfield code="6">246-04/(3/r</subfield>
    <subfield code="a">الشفعة من الجامع الكبير في الشروط</subfield>
  </datafield>
  <datafield tag="880" ind1=" " ind2="1">
    <subfield code="6">264-05/(3/r</subfield>
    <subfield code="a">[اسطنبول] :</subfield>
    <subfield code="b">احمد احسان مطبع سي،</subfield>
    <subfield code="c">1929.</subfield>
  </datafield>
  <datafield tag="880" ind1=" " ind2=" ">
    <subfield code="6">300-06/(3/r</subfield>
    <subfield code="a">61، xi صفحة ؛</subfield>
    <subfield code="c">25 سم.</subfield>
  </datafield>
  <datafield tag="880" ind1="1" ind2=" ">
    <subfield code="6">700-07/(3/r</subfield>
    <subfield code="a">شخت، جوزف،</subfield>
    <subfield code="d">1902-1969.</subfield>
    <subfield code="0">https://lccn.loc.gov/n82088791 ,</subfield>
    <subfield code="e">مصحح. </subfield>
    <subfield code="4">crr.</subfield>
  </datafield>
  <datafield tag="880" ind1="1" ind2=" ">
    <subfield code="6">700-08/(3/r</subfield>
    <subfield code="a">شخت، جوزف،</subfield>
    <subfield code="d">1902-1969.</subfield>
    <subfield code="0">https://lccn.loc.gov/n82088791 ,</subfield>
    <subfield code="e">ناشر. </subfield>
    <subfield code="4">pbl.</subfield>
  </datafield>
  <datafield tag="880" ind1="1" ind2=" ">
    <subfield code="6">700-09/(3/r</subfield>
    <subfield code="a">شخت، جوزف،</subfield>
    <subfield code="d">1902-1969.</subfield>
    <subfield code="0">https://lccn.loc.gov/n82088791 ,</subfield>
    <subfield code="e">مؤلف مقدمة. </subfield>
    <subfield code="4">aui.</subfield>
  </datafield>
  <datafield tag="907" ind1=" " ind2=" ">
    <subfield code="a">.b12484878</subfield>
    <subfield code="b">19-08-29</subfield>
    <subfield code="c">11-05-24</subfield>
  </datafield>
  <datafield tag="907" ind1=" " ind2=" ">
    <subfield code="a">.b12484878</subfield>
    <subfield code="b">11-10-11</subfield>
    <subfield code="c">11-05-24</subfield>
  </datafield>
  <datafield tag="945" ind1=" " ind2=" ">
    <subfield code="f">J</subfield>
    <subfield code="a">349.297:T121sA</subfield>
    <subfield code="i">01026460</subfield>
    <subfield code="j">.i12975448</subfield>
    <subfield code="l">u0503</subfield>
  </datafield>
  <datafield tag="998" ind1=" " ind2=" ">
    <subfield code="a">u05</subfield>
    <subfield code="b">97-06-21</subfield>
    <subfield code="c">m</subfield>
    <subfield code="d">a  </subfield>
    <subfield code="e">-</subfield>
    <subfield code="f">ara</subfield>
    <subfield code="g">tu </subfield>
    <subfield code="h">0</subfield>
    <subfield code="i">1</subfield>
  </datafield>
</record>
</collection>
